@article{einstein,
  author =       "Albert Einstein",
  title =        "{Zur Elektrodynamik bewegter K{\"o}rper}. ({German})
                 [{On} the electrodynamics of moving bodies]",
  journal =      "Annalen der Physik",
  volume =       "322",
  number =       "10",
  pages =        "891--921",
  year =         "1905",
  DOI =          "http://dx.doi.org/10.1002/andp.19053221004"
}

@book{latexcompanion,
    author    = "Michel Goossens and Frank Mittelbach and Alexander Samarin",
    title     = "The \LaTeX\ Companion",
    year      = "1993",
    publisher = "Addison-Wesley",
    address   = "Reading, Massachusetts"
}
 
@misc{knuthwebsite,
    author    = "Donald Knuth",
    title     = "Knuth: Computers and Typesetting",
    url       = "http://www-cs-faculty.stanford.edu/\~{}uno/abcde.html"
}

@misc{ruiz2016guia,
  title={Gu{\'\i}a para citar y referenciar. Estilo IEEE},
  author={Ruiz-De-Luzuriaga-Pe{\~n}a, Manuel},
  year={2016},
  url = {http://eprints.rclis.org/31580/1/Como%20citar%20y%20referenciar%20%28IEEE%29.pdf}
}

@misc{you1,
title = {{Ensayo expositivo - YouTube}},
url = {https://https://www.youtube.com/watch?v=h0JyJGm7Cd0},
howpublished = "\url{https://www.youtube.com/watch?v=h0JyJGm7Cd0}",
urldate = {2018-08-13}
}

@misc{you2,
title = {{Texto Expositivo - YouTube}},
url = {https://www.youtube.com/watch?v=0sAHSApdqkM},
howpublished = "\url{https://www.youtube.com/watch?v=0sAHSApdqkM}",
urldate = {2018-08-13}
}
@article{gamboa1997guia,
  title={Gu{\'\i}a para la escritura del ensayo},
  author={Gamboa, Yolanda}
}

@techreport{nino2003competencias,
  title={Competencias en la comunicaci{\'o}n: hacia las pr{\'a}cticas del discurso},
  author={Ni{\~n}o Rojas, V{\'\i}ctor Miguel},
  year={2003},
  institution={Ecoe Ediciones,}
}
@article{rodriguez2018talleres,
  title={Talleres de redacci{\'o}n acad{\'e}mica en la universidad: El ensayo argumentativo},
  author={Rodr{\'\i}guez, Antonio V{\'a}squez},
  journal={Umbral, nueva etapa},
  volume={3},
  number={3},
  pages={11--31},
  year={2018}
}

@misc{web1,
title = {{C{\'{o}}mo escribir un ensayo expositivo: 20 pasos (con fotos)}},
url = {https://es.wikihow.com/escribir-un-ensayo-expositivo},
howpublished = "\url{https://es.wikihow.com/escribir-un-ensayo-expositivo}",
urldate = {2019-01-08}
}

@book{Sommerville2005,
abstract = {Traducción de: Software engineering. 7th ed.},
author = {Sommerville, Ian and {Alfonso Galipienso}, María Isabel},
isbn = {8478290745},
publisher = {Pearson Addison-Wesley},
title = {{Ingeniería del software}},
year = {2005}
}
@article{Beikverdi,
annote = {N05},
author = {Beikverdi, Alireza and Tan, Ian K T},
file = {::},
keywords = {de-synchronization,efficient,hotp,one time password,re-synchronization parameter},
title = {{Improved Look-Ahead Re-Synchronization Window for Hmac-Based One-Time Password}}
}
@article{Nawrocki2014,
annote = {B18},
author = {Nawrocki, Piotr},
file = {::},
keywords = {cloud,saas,service,service level agreement,service-oriented architecture},
number = {1},
title = {{Micha{\l} Sobo{\'{n}} PUBLIC CLOUD COMPUTING FOR SOFTWARE}},
volume = {15},
year = {2014}
}

